<record><leader>00000cas a2200000 a 4500</leader><controlfield tag="001">35059201</controlfield><controlfield tag="008">960711d190919uumiudn ne      0    0eng c</controlfield><datafield ind1=" " ind2=" " tag="010"><subfield code="a">sn 96076828 </subfield></datafield><datafield ind1=" " ind2=" " tag="040"><subfield code="a">MHN</subfield><subfield code="b">eng</subfield><subfield code="c">MHN</subfield><subfield code="d">OCL</subfield><subfield code="d">OCLCQ</subfield><subfield code="d">OCLCF</subfield><subfield code="d">OCLCO</subfield></datafield><datafield ind1="1" ind2=" " tag="029"><subfield code="a">AU@</subfield><subfield code="b">000012679612</subfield></datafield><datafield ind1=" " ind2=" " tag="042"><subfield code="a">pcc</subfield></datafield><datafield ind1=" " ind2=" " tag="043"><subfield code="a">n-us-mi</subfield></datafield><datafield ind1="0" ind2=" " tag="130"><subfield code="a">Daily herald (Dowagiac, Mich.)</subfield></datafield><datafield ind1="1" ind2="4" tag="245"><subfield code="a">The Daily herald.</subfield></datafield><datafield ind1=" " ind2=" " tag="260"><subfield code="a">Dowagiac, Mich. :</subfield><subfield code="b">A.M. Moon, ed.</subfield></datafield><datafield ind1=" " ind2=" " tag="300"><subfield code="a">v.</subfield></datafield><datafield ind1=" " ind2=" " tag="310"><subfield code="a">Daily (except Sun.)</subfield></datafield><datafield ind1="1" ind2=" " tag="362"><subfield code="a">Began in 1909.</subfield></datafield><datafield ind1=" " ind2=" " tag="500"><subfield code="a">May have merged with weekly ed. in 1910 to form one paper called: Herald Republican (Dowagiac, Mich. : Daily).</subfield></datafield><datafield ind1=" " ind2=" " tag="580"><subfield code="a">Weekly ed.: Herald Republican (Dowagiac, Mich.).</subfield></datafield><datafield ind1=" " ind2=" " tag="580"><subfield code="a">Formed by the union: Dowagiac Republican, and: Dowagiac herald.</subfield></datafield><datafield ind1=" " ind2=" " tag="588"><subfield code="a">Description based on: 53rd yr., no. 92 (July 31, 1909).</subfield></datafield><datafield ind1=" " ind2="0" tag="651"><subfield code="a">Dowagiac (Mich.)</subfield><subfield code="v">Newspapers.</subfield></datafield><datafield ind1=" " ind2="0" tag="651"><subfield code="a">Cass County (Mich.)</subfield><subfield code="v">Newspapers.</subfield></datafield><datafield ind1=" " ind2="7" tag="655"><subfield code="a">Newspapers.</subfield><subfield code="2">fast</subfield><subfield code="0">(OCoLC)fst01423814</subfield></datafield><datafield ind1=" " ind2="7" tag="651"><subfield code="a">Michigan</subfield><subfield code="z">Cass County.</subfield><subfield code="2">fast</subfield><subfield code="0">(OCoLC)fst01207371</subfield></datafield><datafield ind1=" " ind2="7" tag="651"><subfield code="a">Michigan</subfield><subfield code="z">Dowagiac.</subfield><subfield code="2">fast</subfield><subfield code="0">(OCoLC)fst01231425</subfield></datafield><datafield ind1=" " ind2=" " tag="752"><subfield code="a">United States</subfield><subfield code="b">Michigan</subfield><subfield code="c">Cass</subfield><subfield code="d">Dowagiac.</subfield></datafield><datafield ind1="1" ind2=" " tag="775"><subfield code="t">Herald Republican (Dowagiac, Mich.)</subfield><subfield code="w">(DLC)sn 96076827</subfield><subfield code="w">(OCoLC)35058989</subfield></datafield><datafield ind1="1" ind2="4" tag="780"><subfield code="t">Dowagiac Republican</subfield><subfield code="w">(DLC)sn 96076831</subfield><subfield code="w">(OCoLC)35059863</subfield></datafield><datafield ind1="1" ind2="4" tag="780"><subfield code="t">Dowagiac herald</subfield><subfield code="w">(DLC)sn 87070027</subfield><subfield code="w">(OCoLC)15730504</subfield></datafield></record>